<record xmlns="http://www.loc.gov/MARC21/slim" xmlns:cinclude="http://apache.org/cocoon/include/1.0"
        xmlns:zs="http://www.loc.gov/zing/srw/">
    <leader>01356cjm a2200373 a 4500</leader>
    <controlfield tag="001">5794228</controlfield>
    <controlfield tag="005">20050509122916.0</controlfield>
    <controlfield tag="007">sd|fsngnnmmned</controlfield>
    <controlfield tag="008">980921s1995 causyn efi</controlfield>
    <datafield tag="035" ind1=" " ind2=" ">
        <subfield code="9">(DLC) 98707002</subfield>
    </datafield>
    <datafield tag="906" ind1=" " ind2=" ">
        <subfield code="a">7</subfield>
        <subfield code="b">cbc</subfield>
        <subfield code="c">orignew</subfield>
        <subfield code="d">3</subfield>
        <subfield code="e">ncip</subfield>
        <subfield code="f">19</subfield>
        <subfield code="g">y-genmusic</subfield>
    </datafield>
    <datafield tag="955" ind1=" " ind2=" ">
        <subfield code="a">vk17 09-21-98</subfield>
    </datafield>
    <datafield tag="010" ind1=" " ind2=" ">
        <subfield code="a">98707002</subfield>
    </datafield>
    <datafield tag="028" ind1="0" ind2="2">
        <subfield code="a">90 005</subfield>
        <subfield code="b">LaserLight</subfield>
    </datafield>
    <datafield tag="040" ind1=" " ind2=" ">
        <subfield code="a">DLC</subfield>
        <subfield code="c">DLC</subfield>
        <subfield code="d">DLC</subfield>
    </datafield>
    <datafield tag="050" ind1="0" ind2="0">
        <subfield code="a">LaserLight 90 005</subfield>
    </datafield>
    <datafield tag="100" ind1="1" ind2=" ">
        <subfield code="a">Beethoven, Ludwig van,</subfield>
        <subfield code="d">1770-1827.</subfield>
    </datafield>
    <datafield tag="240" ind1="1" ind2="0">
        <subfield code="a">Symphonies,</subfield>
        <subfield code="n">no. 3, op. 55,</subfield>
        <subfield code="r">E♭ major</subfield>
    </datafield>
    <datafield tag="245" ind1="0" ind2="0">
        <subfield code="a">Symphony no. 3</subfield>
        <subfield code="h">[sound recording] :</subfield>
        <subfield code="b">"Eroica" /</subfield>
        <subfield code="c">Ludwig van Beethoven.</subfield>
    </datafield>
    <datafield tag="246" ind1="3" ind2="0">
        <subfield code="a">Eroica</subfield>
    </datafield>
    <datafield tag="260" ind1=" " ind2=" ">
        <subfield code="a">Santa Monica, CA :</subfield>
        <subfield code="b">LaserLight,</subfield>
        <subfield code="c">p1995.</subfield>
    </datafield>
    <datafield tag="300" ind1=" " ind2=" ">
        <subfield code="a">1 sound disc :</subfield>
        <subfield code="b">digital, stereo. ;</subfield>
        <subfield code="c">4 3/4 in.</subfield>
    </datafield>
    <datafield tag="511" ind1="0" ind2=" ">
        <subfield code="a">Dresden Philharmonic; Herbert Kegel, conductor.</subfield>
    </datafield>
    <datafield tag="500" ind1=" " ind2=" ">
        <subfield code="a">"Version: 1.0."</subfield>
    </datafield>
    <datafield tag="500" ind1=" " ind2=" ">
        <subfield code="a">Compact disc.</subfield>
    </datafield>
    <datafield tag="505" ind1="0" ind2=" ">
        <subfield code="a">CD+ROM data track -- Audio tracks.</subfield>
    </datafield>
    <datafield tag="538" ind1=" " ind2=" ">
        <subfield code="a">
            System requirements for use as a computer disc: IBM 486 or compatible PC; Windows 3.1.
        </subfield>
    </datafield>
    <datafield tag="520" ind1=" " ind2=" ">
        <subfield code="a">
            Computer readable information includes biographies, historical information, and scores.
        </subfield>
    </datafield>
    <datafield tag="650" ind1=" " ind2="0">
        <subfield code="a">Symphonies.</subfield>
    </datafield>
    <datafield tag="600" ind1="1" ind2="0">
        <subfield code="a">Beethoven, Ludwig van,</subfield>
        <subfield code="d">1770-1827.</subfield>
    </datafield>
    <datafield tag="700" ind1="1" ind2=" ">
        <subfield code="a">Kegel, Herbert.</subfield>
        <subfield code="4">cnd</subfield>
    </datafield>
    <datafield tag="710" ind1="2" ind2=" ">
        <subfield code="a">Dresdner Philharmonie.</subfield>
        <subfield code="4">prf</subfield>
    </datafield>
    <datafield tag="953" ind1=" " ind2=" ">
        <subfield code="a">TA28</subfield>
    </datafield>
    <datafield tag="991" ind1=" " ind2=" ">
        <subfield code="b">c-RecSound</subfield>
        <subfield code="h">LaserLight 90 005</subfield>
        <subfield code="w">MUSIC</subfield>
    </datafield>
</record>